%YAML 1.1
%TAG !u! tag:unity3d.com,2011:
--- !u!243 &-7115008085845445438
AudioMixerGroupController:
  m_ObjectHideFlags: 0
  m_CorrespondingSourceObject: {fileID: 0}
  m_PrefabInstance: {fileID: 0}
  m_PrefabAsset: {fileID: 0}
  m_Name: Player
  m_AudioMixer: {fileID: 24100000}
  m_GroupID: 1d964d3495e84e14085421af8caea17d
  m_Children: []
  m_Volume: 504eea5bb4c06d04dbae8ca5c8e32daa
  m_Pitch: 72b09db1788ab004cb1fd9f5f75f304b
  m_Send: 00000000000000000000000000000000
  m_Effects:
  - {fileID: -2934968477655857298}
  m_UserColorIndex: 0
  m_Mute: 0
  m_Solo: 0
  m_BypassEffects: 0
--- !u!244 &-6615473714002606517
AudioMixerEffectController:
  m_ObjectHideFlags: 3
  m_CorrespondingSourceObject: {fileID: 0}
  m_PrefabInstance: {fileID: 0}
  m_PrefabAsset: {fileID: 0}
  m_Name: 
  m_EffectID: 3596a0770afb53e468007805bcdfd40e
  m_EffectName: Duck Volume
  m_MixLevel: 14e2daaaa9c719b4599ead766250d4ef
  m_Parameters:
  - m_ParameterName: Threshold
    m_GUID: 5f2252e55fca9e645b8b7e3fa79ae3a8
  - m_ParameterName: Ratio
    m_GUID: 450d1c1a264cb7540940febd8b27a057
  - m_ParameterName: Attack Time
    m_GUID: 95eea324a24c1cb4ea9b20fa79dd7a04
  - m_ParameterName: Release Time
    m_GUID: ba0f7656ea292e64b963d034d9e0a9dd
  - m_ParameterName: Make-up Gain
    m_GUID: 7e160df5a9fb0a748a4f8b3c424005c7
  - m_ParameterName: Knee
    m_GUID: 813e06104f8bb814fac69f7d9aed174d
  - m_ParameterName: Sidechain Mix
    m_GUID: f6ef09c9123058046bfda833a4cb190c
  m_SendTarget: {fileID: 0}
  m_EnableWetMix: 0
  m_Bypass: 0
--- !u!244 &-4980711038175856223
AudioMixerEffectController:
  m_ObjectHideFlags: 3
  m_CorrespondingSourceObject: {fileID: 0}
  m_PrefabInstance: {fileID: 0}
  m_PrefabAsset: {fileID: 0}
  m_Name: 
  m_EffectID: 9df8e37ebaf8fe149b87dce146d971d5
  m_EffectName: Attenuation
  m_MixLevel: c4adb6aaa1e15dd458feb68c6e8420ac
  m_Parameters: []
  m_SendTarget: {fileID: 0}
  m_EnableWetMix: 0
  m_Bypass: 0
--- !u!244 &-2934968477655857298
AudioMixerEffectController:
  m_ObjectHideFlags: 3
  m_CorrespondingSourceObject: {fileID: 0}
  m_PrefabInstance: {fileID: 0}
  m_PrefabAsset: {fileID: 0}
  m_Name: 
  m_EffectID: 6cbb3d845fcb0be41921cfc838b75043
  m_EffectName: Attenuation
  m_MixLevel: b25272a360458dd45bada85ecd60e8e2
  m_Parameters: []
  m_SendTarget: {fileID: 0}
  m_EnableWetMix: 0
  m_Bypass: 0
--- !u!243 &-1790733247099654657
AudioMixerGroupController:
  m_ObjectHideFlags: 0
  m_CorrespondingSourceObject: {fileID: 0}
  m_PrefabInstance: {fileID: 0}
  m_PrefabAsset: {fileID: 0}
  m_Name: Ambiance
  m_AudioMixer: {fileID: 24100000}
  m_GroupID: b7c23104794d8284e8973f135d3c1635
  m_Children: []
  m_Volume: 62c7ad1d62e3bed488f4c291b8f5f556
  m_Pitch: dbbe4525e2a934546b532535be83a3a1
  m_Send: 00000000000000000000000000000000
  m_Effects:
  - {fileID: -206246550043702495}
  m_UserColorIndex: 0
  m_Mute: 0
  m_Solo: 0
  m_BypassEffects: 0
--- !u!244 &-206246550043702495
AudioMixerEffectController:
  m_ObjectHideFlags: 3
  m_CorrespondingSourceObject: {fileID: 0}
  m_PrefabInstance: {fileID: 0}
  m_PrefabAsset: {fileID: 0}
  m_Name: 
  m_EffectID: 302cb3819c293534bae6f64aade523fb
  m_EffectName: Attenuation
  m_MixLevel: 4e55399a2491e19478b3a23fa28e3f36
  m_Parameters: []
  m_SendTarget: {fileID: 0}
  m_EnableWetMix: 0
  m_Bypass: 0
--- !u!241 &24100000
AudioMixerController:
  m_ObjectHideFlags: 0
  m_CorrespondingSourceObject: {fileID: 0}
  m_PrefabInstance: {fileID: 0}
  m_PrefabAsset: {fileID: 0}
  m_Name: Audio Mixer
  m_OutputGroup: {fileID: 0}
  m_MasterGroup: {fileID: 24300002}
  m_Snapshots:
  - {fileID: 24500006}
  m_StartSnapshot: {fileID: 24500006}
  m_SuspendThreshold: -80
  m_EnableSuspend: 1
  m_UpdateMode: 0
  m_ExposedParameters: []
  m_AudioMixerGroupViews:
  - guids:
    - 68582e4d5462a2545ba89f8ab3c4733f
    - 82a7068b8bfa9424bbbc31e116fc6b27
    - c21966f366e955e47a42e95355c08f2a
    - 1d964d3495e84e14085421af8caea17d
    - b7c23104794d8284e8973f135d3c1635
    name: View
  m_CurrentViewIndex: 0
  m_TargetSnapshot: {fileID: 24500006}
--- !u!243 &24300002
AudioMixerGroupController:
  m_ObjectHideFlags: 0
  m_CorrespondingSourceObject: {fileID: 0}
  m_PrefabInstance: {fileID: 0}
  m_PrefabAsset: {fileID: 0}
  m_Name: Master
  m_AudioMixer: {fileID: 24100000}
  m_GroupID: 68582e4d5462a2545ba89f8ab3c4733f
  m_Children:
  - {fileID: 2521245592702495857}
  - {fileID: 8997685302616145566}
  - {fileID: -7115008085845445438}
  - {fileID: -1790733247099654657}
  m_Volume: ed969c4785c80e7419ffe6e9456bac26
  m_Pitch: 87f0a4efd68e8f24182eb15b92c139e9
  m_Send: 00000000000000000000000000000000
  m_Effects:
  - {fileID: 24400004}
  m_UserColorIndex: 0
  m_Mute: 0
  m_Solo: 0
  m_BypassEffects: 0
--- !u!244 &24400004
AudioMixerEffectController:
  m_ObjectHideFlags: 3
  m_CorrespondingSourceObject: {fileID: 0}
  m_PrefabInstance: {fileID: 0}
  m_PrefabAsset: {fileID: 0}
  m_Name: 
  m_EffectID: 1b5394906f0167647bca48d4fd94b082
  m_EffectName: Attenuation
  m_MixLevel: 957eef4a72eacda4ead72207678b790e
  m_Parameters: []
  m_SendTarget: {fileID: 0}
  m_EnableWetMix: 0
  m_Bypass: 0
--- !u!245 &24500006
AudioMixerSnapshotController:
  m_ObjectHideFlags: 0
  m_CorrespondingSourceObject: {fileID: 0}
  m_PrefabInstance: {fileID: 0}
  m_PrefabAsset: {fileID: 0}
  m_Name: Snapshot
  m_AudioMixer: {fileID: 24100000}
  m_SnapshotID: f5d9972c02d2718468171aa075a3dadb
  m_FloatValues:
    ed969c4785c80e7419ffe6e9456bac26: 9.260415
    c7b087fa7c8fc8e4293d38982cb4c985: -18.592384
    504eea5bb4c06d04dbae8ca5c8e32daa: -39.03094
    f552e84d761bb414281cb853b893550f: -3.1841109
  m_TransitionOverrides: {}
--- !u!243 &2521245592702495857
AudioMixerGroupController:
  m_ObjectHideFlags: 0
  m_CorrespondingSourceObject: {fileID: 0}
  m_PrefabInstance: {fileID: 0}
  m_PrefabAsset: {fileID: 0}
  m_Name: Rollermines
  m_AudioMixer: {fileID: 24100000}
  m_GroupID: c21966f366e955e47a42e95355c08f2a
  m_Children: []
  m_Volume: f552e84d761bb414281cb853b893550f
  m_Pitch: 2c0fc1196ff0a5545b703354face1d60
  m_Send: 00000000000000000000000000000000
  m_Effects:
  - {fileID: 7856434920800865497}
  m_UserColorIndex: 0
  m_Mute: 0
  m_Solo: 0
  m_BypassEffects: 0
--- !u!244 &3810428247123573389
AudioMixerEffectController:
  m_ObjectHideFlags: 3
  m_CorrespondingSourceObject: {fileID: 0}
  m_PrefabInstance: {fileID: 0}
  m_PrefabAsset: {fileID: 0}
  m_Name: 
  m_EffectID: f566880732b337444bb8ec0495195ca6
  m_EffectName: Duck Volume
  m_MixLevel: 740c24049d7724044be1cea318a0d1a5
  m_Parameters:
  - m_ParameterName: Threshold
    m_GUID: cfa9c0b06d945024ebc155363b7bd81a
  - m_ParameterName: Ratio
    m_GUID: bee90d58026aeec428814037f7b72132
  - m_ParameterName: Attack Time
    m_GUID: 132d7b3708f81e142b25336f46b2d65a
  - m_ParameterName: Release Time
    m_GUID: 2744c1b71e7903248874622faf6c2607
  - m_ParameterName: Make-up Gain
    m_GUID: 8a32094d73eebf14c8dabcc6233eb087
  - m_ParameterName: Knee
    m_GUID: d30ffbe4d85ff15459a52fbf30e9ed80
  - m_ParameterName: Sidechain Mix
    m_GUID: d459695bd2e8dd24b91287a7af50f018
  m_SendTarget: {fileID: 0}
  m_EnableWetMix: 0
  m_Bypass: 0
--- !u!244 &7856434920800865497
AudioMixerEffectController:
  m_ObjectHideFlags: 3
  m_CorrespondingSourceObject: {fileID: 0}
  m_PrefabInstance: {fileID: 0}
  m_PrefabAsset: {fileID: 0}
  m_Name: 
  m_EffectID: d9e840bbd135a324281dca0aa0d23922
  m_EffectName: Attenuation
  m_MixLevel: 269a55fac0f8f3d4b89c787088ceb390
  m_Parameters: []
  m_SendTarget: {fileID: 0}
  m_EnableWetMix: 0
  m_Bypass: 0
--- !u!243 &8997685302616145566
AudioMixerGroupController:
  m_ObjectHideFlags: 0
  m_CorrespondingSourceObject: {fileID: 0}
  m_PrefabInstance: {fileID: 0}
  m_PrefabAsset: {fileID: 0}
  m_Name: Servers
  m_AudioMixer: {fileID: 24100000}
  m_GroupID: 82a7068b8bfa9424bbbc31e116fc6b27
  m_Children: []
  m_Volume: c7b087fa7c8fc8e4293d38982cb4c985
  m_Pitch: 2920bfa73c29451439e2096ada028d4e
  m_Send: 00000000000000000000000000000000
  m_Effects:
  - {fileID: -4980711038175856223}
  m_UserColorIndex: 0
  m_Mute: 0
  m_Solo: 0
  m_BypassEffects: 0
